@article{bib:acary2011formulation,
  title={A formulation of the linear discrete Coulomb friction problem via convex optimization},
  author={Acary, Vincent and Cadoux, Florent and Lemar{\'e}chal, Claude and Malick, J{\'e}r{\^o}me},
  journal={ZAMM-Journal of Applied Mathematics and Mechanics/Zeitschrift f{\"u}r Angewandte Mathematik und Mechanik},
  volume={91},
  number={2},
  pages={155--175},
  year={2011},
  publisher={Wiley Online Library}
}

@incollection{bib:acary2018solving,
  title={On solving contact problems with Coulomb friction: formulations and numerical comparisons},
  author={Acary, Vincent and Br{\'e}mond, Maurice and Huber, Olivier},
  booktitle={Advanced Topics in Nonsmooth Dynamics},
  pages={375--457},
  year={2018},
  publisher={Springer}
}

@article{bib:alart2018inconsistency,
  title={On inconsistency in frictional granular systems},
  author={Alart, Pierre and Renouf, Mathieu},
  journal={Computational Particle Mechanics},
  volume={5},
  number={2},
  pages={161--174},
  year={2018},
  publisher={Springer}
}

@article{bib:anitescu2004fixed,
  title={A fixed-point iteration approach for multibody dynamics with contact and small friction},
  author={Anitescu, Mihai and Hart, Gary D},
  journal={Mathematical Programming},
  volume={101},
  number={1},
  pages={3--32},
  year={2004},
  publisher={Springer}
}

@article{bib:anitescu2006,
  title={Optimization-based simulation of nonsmooth rigid multibody dynamics},
  author={Anitescu, Mihai},
  journal={Mathematical Programming},
  volume={105},
  number={1},
  pages={113--143},
  year={2006},
  publisher={Springer}
}

@article{bib:anitescu2010,
  title={An iterative approach for cone complementarity problems for nonsmooth dynamics},
  author={Anitescu, Mihai and Tasora, Alessandro},
  journal={Computational Optimization and Applications},
  volume={47},
  number={2},
  pages={207--235},
  year={2010},
  publisher={Springer}
}

@article{bib:castro2020,
  title={A Transition-Aware Method for the Simulation of Compliant Contact with Regularized Friction},
  author={Castro, Alejandro M and Qu, Ante and Kuppuswamy, Naveen and Alspach, Alex and Sherman, Michael},
  journal={IEEE Robotics and Automation Letters},
  volume={5},
  number={2},
  pages={1859--1866},
  year={2020},
  publisher={IEEE}
}

@inproceedings{bib:chakraborty2007implicit,
  title={An Implicit Time-Stepping Method for Multibody Systems with Intermittent Contact.},
  author={Chakraborty, Nilanjan and Berard, Stephen and Akella, Srinivas and Trinkle, Jeffrey C},
  booktitle={Robotics: Science and Systems},
  year={2007}
}

@article{bib:davis2016survey,
  title={A survey of direct methods for sparse linear systems},
  author={Davis, Timothy A and Rajamanickam, Sivasankaran and Sid-Lakhdar, Wissam M},
  journal={Acta Numerica},
  volume={25},
  pages={383--566},
  year={2016},
  publisher={Cambridge University Press}
}

@techreport{bib:eberly2014,
  title={Intersection of a Line and a Cone},
  author={Eberly, David},
  year={2014},  
  institution={Geometric Tools}
}

@inproceedings{bib:enzenhofer2019efficient,
  title={Efficient block pivoting for multibody simulations with contact},
  author={Enzenh{\"o}fer, Andreas and Lefebvre, Nicolas and Andrews, Sheldon},
  booktitle={Proceedings of the ACM SIGGRAPH Symposium on Interactive 3D Graphics and Games},
  pages={1--9},
  year={2019}
}

@article{bib:erleben2007velocity,
  title={Velocity-based shock propagation for multibody dynamics animation},
  author={Erleben, Kenny},
  journal={ACM Transactions on Graphics (TOG)},
  volume={26},
  number={2},
  pages={12--es},
  year={2007},
  publisher={ACM New York, NY, USA}
}

@book{bib:kaufman2009coupled,
  title={Coupled principles for computational frictional contact mechanics},
  author={Kaufman, Daniel M},
  year={2009},
  publisher={Citeseer}
}

@article{bib:li2018implicit,
  title={An implicit frictional contact solver for adaptive cloth simulation},
  author={Li, Jie and Daviet, Gilles and Narain, Rahul and Bertails-Descoubes, Florence and Overby, Matthew and Brown, George E and Boissieux, Laurence},
  journal={ACM Transactions on Graphics (TOG)},
  volume={37},
  number={4},
  pages={1--15},
  year={2018},
  publisher={ACM New York, NY, USA}
}

@techreport{bib:mazhar2014,
  title={An analysis of several methods for handling hard-sphere frictional contact in rigid multibody dynamics},
  author={Mazhar, Hammad and Melanz, Daniel and Ferris, M and Negrut, Dan},
  year={2014},
  institution={Citeseer}
}

@article{bib:mazhar2015,
  title={Using Nesterov's method to accelerate multibody dynamics with friction and contact},
  author={Mazhar, Hammad and Heyn, Toby and Negrut, Dan and Tasora, Alessandro},
  journal={ACM Transactions on Graphics (TOG)},
  volume={34},
  number={3},
  pages={1--14},
  year={2015},
  publisher={ACM New York, NY, USA}
}

@article{bib:pang1999unified,
  title={A unified approach to discrete frictional contact problems},
  author={Pang, Jong-Shi and Stewart, David E},
  journal={International Journal of Engineering Science},
  volume={37},
  number={13},
  pages={1747--1768},
  year={1999},
  publisher={Elsevier}
}

@article{bib:permenter2020,
  title={A geodesic interior-point method for linear optimization over symmetric cones},
  author={Permenter, Frank},
  journal={arXiv preprint arXiv:2008.08047},
  year={2020}
}

@inproceedings{bib:smail2017junction,
  title={Junction trees constructions in Bayesian networks},
  author={Smail, Linda},
  booktitle={Journal of Physics: Conference Series},
  volume={893},
  number={1},
  pages={012056},
  year={2017},
  organization={IOP Publishing}
}

@article{bib:stewart1996implicit,
  title={An implicit time-stepping scheme for rigid body dynamics with inelastic collisions and coulomb friction},
  author={Stewart, David E and Trinkle, Jeffrey C},
  journal={International Journal for Numerical Methods in Engineering},
  volume={39},
  number={15},
  pages={2673--2691},
  year={1996},
  publisher={Wiley Online Library}
}

@inproceedings{bib:stewart2000implicit,
  title={An implicit time-stepping scheme for rigid body dynamics with coulomb friction},
  author={Stewart, David and Trinkle, Jeffrey C},
  booktitle={Proceedings 2000 ICRA. Millennium Conference. IEEE International Conference on Robotics and Automation. Symposia Proceedings (Cat. No. 00CH37065)},
  volume={1},
  pages={162--169},
  year={2000},
  organization={IEEE}
}

@book{bib:numerical_recipes,
  title={Numerical recipes 3rd edition: The art of scientific computing},
  author={Press, William H and William, H and Teukolsky, Saul A and Saul, A and Vetterling, William T and Flannery, Brian P},
  year={2007},
  publisher={Cambridge university press}
}

@article{bib:tasora2011,
  title={A matrix-free cone complementarity approach for solving large-scale, nonsmooth, rigid body dynamics},
  author={Tasora, Alessandro and Anitescu, Mihai},
  journal={Computer Methods in Applied Mechanics and Engineering},
  volume={200},
  number={5-8},
  pages={439--453},
  year={2011},
  publisher={Elsevier}
}

@inproceedings{bib:todorov2014,
  title={Convex and analytically-invertible dynamics with contacts and constraints: Theory and implementation in MuJoCo},
  author={Todorov, Emanuel},
  booktitle={2014 IEEE International Conference on Robotics and Automation (ICRA)},
  pages={6054--6061},
  year={2014},
  organization={IEEE}
}

@inproceedings{bib:todorov2011,
  title={A convex, smooth and invertible contact model for trajectory optimization},
  author={Todorov, Emanuel},
  booktitle={2011 IEEE International Conference on Robotics and Automation},
  pages={1071--1076},
  year={2011},
  organization={IEEE}
}

%%%%%%%%%%%%%%%%%%%%%%%%%%%%%%%%%%%%%%%%%%%%%%%%%%%%%%%%%%%%%%%%%%%%%%%%%%%%%%%%
%%%%%%%%%%%%%%%%%%%%%%%%%%%%%%%%%%%%%%%%%%%%%%%%%%%%%%%%%%%%%%%%%%%%%%%%%%%%%%%%
%%%%%%%%%%%%%%%%%%%%%%%%%%%%%%%%%%%%%%%%%%%%%%%%%%%%%%%%%%%%%%%%%%%%%%%%%%%%%%%%


@article{greenwade93,
    author  = "George D. Greenwade",
    title   = "The {C}omprehensive {T}ex {A}rchive {N}etwork ({CTAN})",
    year    = "1993",
    journal = "TUGBoat",
    volume  = "14",
    number  = "3",
    pages   = "342--351"
}

@article{bib:fedkiw2002,	
  title={Level set methods and dynamic implicit surfaces},
  author={Fedkiw, Stanley Osher Ronald and Osher, Stanley},
  journal={Surfaces},
  volume={44},
  pages={77},
  year={2002}
}

@book{bib:johnson1987_contact_mechanics,
  title={Contact mechanics},
  author={Johnson, Kenneth Langstreth and Johnson, Kenneth Langstreth},
  year={1987},
  publisher={Cambridge university press}
}

@book{bib:jain2010_robot_multibody_dynamics,
  title={Robot and multibody dynamics: analysis and algorithms},
  author={Jain, Abhinandan},
  year={2010},
  publisher={Springer Science \& Business Media}
}

@book{bib:featherstone2008_rigid_body_dynamics_algorithms,
  title={Rigid body dynamics algorithms},
  author={Featherstone, Roy},
  year={2008},
  publisher={Springer}
}

@inproceedings{bib:duriez2004signorini,
	title={Signorini's contact model for deformable objects in haptic 
	simulations},
	author={Duriez, Christian and Andriot, Claude and Kheddar, Abderrahmane},
	booktitle={Intelligent Robots and Systems, 2004.(IROS 2004). Proceedings. 
	2004 IEEE/RSJ International Conference on},
	volume={4},
	pages={3232--3237},
	year={2004},
	organization={IEEE}
}

@article{bib:duriez2006_realistic_haptic_rendering,
	title={Realistic haptic rendering of interacting deformable objects in 
	virtual environments},
	author={Duriez, Christian and Dubois, Frederic and Kheddar, Abderrahmane 
	and Andriot, Claude},
	journal={IEEE transactions on visualization and computer graphics},
	volume={12},
	number={1},
	pages={36--47},
	year={2006},
	publisher={IEEE}
}